<record><leader>00000cas a22000007a 4500</leader><controlfield tag="001">1763697</controlfield><controlfield tag="008">751101d18801900mnuwr ne      0    0eng d</controlfield><datafield ind1=" " ind2=" " tag="010"><subfield code="a">sn 89064724 </subfield></datafield><datafield ind1=" " ind2=" " tag="040"><subfield code="a">MUL</subfield><subfield code="b">eng</subfield><subfield code="c">MUL</subfield><subfield code="d">MN#</subfield><subfield code="d">OCLCQ</subfield><subfield code="d">OCLCF</subfield><subfield code="d">OCLCO</subfield></datafield><datafield ind1="1" ind2=" " tag="029"><subfield code="a">AU@</subfield><subfield code="b">000025861153</subfield></datafield><datafield ind1=" " ind2=" " tag="042"><subfield code="a">msc</subfield></datafield><datafield ind1=" " ind2=" " tag="043"><subfield code="a">n-us-mn</subfield></datafield><datafield ind1=" " ind2=" " tag="052"><subfield code="a">4144</subfield><subfield code="b">B236</subfield><subfield code="b">O4</subfield></datafield><datafield ind1=" " ind2=" " tag="052"><subfield code="a">4143</subfield><subfield code="b">R5</subfield></datafield><datafield ind1="0" ind2="4" tag="245"><subfield code="a">The Renville times.</subfield></datafield><datafield ind1=" " ind2=" " tag="260"><subfield code="a">Beaver Falls, Renville County, Minn. :</subfield><subfield code="b">Henrey Kelsey,</subfield><subfield code="c">1880-1900.</subfield></datafield><datafield ind1=" " ind2=" " tag="300"><subfield code="a">20 v.</subfield></datafield><datafield ind1=" " ind2=" " tag="310"><subfield code="a">Weekly</subfield></datafield><datafield ind1="0" ind2=" " tag="362"><subfield code="a">Vol. 9, no. 18 (Dec. 16, 1880)-v. 28, no. 44 (May 31, 1900).</subfield></datafield><datafield ind1=" " ind2=" " tag="500"><subfield code="a">Published at Olivia, Minn., Aug. 28, 1890-May 31, 1900.</subfield></datafield><datafield ind1=" " ind2=" " tag="530"><subfield code="a">Available on microfilm from the Minnesota Historical Society.</subfield></datafield><datafield ind1=" " ind2="0" tag="651"><subfield code="a">Beaver Falls (Minn.)</subfield><subfield code="v">Newspapers.</subfield></datafield><datafield ind1=" " ind2="0" tag="651"><subfield code="a">Olivia (Minn.)</subfield><subfield code="v">Newspapers.</subfield></datafield><datafield ind1=" " ind2="7" tag="655"><subfield code="a">Newspapers.</subfield><subfield code="2">fast</subfield><subfield code="0">(OCoLC)fst01423814</subfield></datafield><datafield ind1=" " ind2="7" tag="651"><subfield code="a">Minnesota</subfield><subfield code="z">Beaver Falls.</subfield><subfield code="2">fast</subfield><subfield code="0">(OCoLC)fst01254520</subfield></datafield><datafield ind1=" " ind2="7" tag="651"><subfield code="a">Minnesota</subfield><subfield code="z">Olivia.</subfield><subfield code="2">fast</subfield><subfield code="0">(OCoLC)fst01227779</subfield></datafield><datafield ind1=" " ind2=" " tag="752"><subfield code="a">United States</subfield><subfield code="b">Minnesota</subfield><subfield code="c">Renville</subfield><subfield code="d">Beaver Falls.</subfield></datafield><datafield ind1=" " ind2=" " tag="752"><subfield code="a">United States</subfield><subfield code="b">Minnesota</subfield><subfield code="c">Renville</subfield><subfield code="d">Olivia.</subfield></datafield><datafield ind1="0" ind2="0" tag="780"><subfield code="t">Renville weekly times</subfield><subfield code="w">(DLC)sm 85025432</subfield></datafield><datafield ind1="0" ind2="0" tag="785"><subfield code="t">Olivia times</subfield><subfield code="w">(DLC)sn 89064725</subfield></datafield></record>